<?xml version="1.0" encoding="utf-8"?>
<record xmlns="http://www.loc.gov/MARC21/slim" xmlns:xsi="http://www.w3.org/2001/XMLSchema-instance" xsi:schemaLocation="http://www.loc.gov/MARC21/slim http://www.loc.gov/standards/marcxml/schema/MARC21slim.xsd">
	<leader>     nam a22     Mi 4500</leader>
	<controlfield tag="001">5736</controlfield>
	<controlfield tag="003">aeadna</controlfield>
	<controlfield tag="006">m        d        </controlfield>
	<controlfield tag="007">cr cn |||m|||a</controlfield>
	<controlfield tag="008">210830m19281930ua     fo    a00| 0dara|d</controlfield>
	<datafield ind1=" " ind2=" " tag="040">
		<subfield code="a">ZYU</subfield>
		<subfield code="b">ara</subfield>
		<subfield code="c">ZYU</subfield>
	</datafield>
	<datafield ind1="0" ind2=" " tag="041">
		<subfield code="a">ara</subfield>
	</datafield>
	<datafield ind1=" " ind2=" " tag="043">
		<subfield code="a">a-ye---</subfield>
	</datafield>
	<datafield ind1=" " ind2="4" tag="050">
		<subfield code="a">DS247.Y46</subfield>
		<subfield code="b">Z3 1928</subfield>
	</datafield>
	<datafield ind1="0" ind2="4" tag="082">
		<subfield code="a">920.567</subfield>
		<subfield code="b">21</subfield>
	</datafield>
	<datafield ind1="1" ind2=" " tag="100">
		<subfield code="6">880-01</subfield>
		<subfield code="a">Zabārah, Muḥammad ibn Muḥammad,</subfield>
		<subfield code="d">1883-1961,</subfield>
		<subfield code="e">author.</subfield>
	</datafield>
	<datafield ind1="0" ind2="0" tag="245">
		<subfield code="6">880-02</subfield>
		<subfield code="a">Nayl al-waṭar min tarājim rijāl al-Yaman fī al-qarn al-thālith ʻashar</subfield>
		<subfield code="h">[electronic resource] /</subfield>
		<subfield code="c">Muḥammad ibn Muḥammad ibn Yaḥyá ibn ʻAbd Allah al-Ḥusaynī al-Yamanī al-Sanʻānī.</subfield>
	</datafield>
	<datafield ind1=" " ind2=" " tag="260">
		<subfield code="6">880-03</subfield>
		<subfield code="a">al-Qāhirah :</subfield>
		<subfield code="b">al-Maṭbaʻah al-Salafīyah wa-Maktabatuhā,</subfield>
		<subfield code="c">1348-1350 H.  [1929-1931 M. ]</subfield>
	</datafield>
	<datafield ind1=" " ind2=" " tag="300">
		<subfield code="6">880-04</subfield>
		<subfield code="a">online resource (2 v. (435 p. , 425 p.))</subfield>
	</datafield>
	<datafield ind1=" " ind2=" " tag="500">
		<subfield code="a">Non-Latin script record</subfield>
	</datafield>
	<datafield ind1=" " ind2=" " tag="500">
		<subfield code="a">Part of the Arabic Collections Online (ACO) project, contributed by United Arab Emirates National Archives.</subfield>
	</datafield>
	<datafield ind1=" " ind2=" " tag="533">
		<subfield code="a">Electronic reproduction.</subfield>
		<subfield code="b">New York, N.Y. :</subfield>
		<subfield code="c">New York University,</subfield>
		<subfield code="d">2021.</subfield>
		<subfield code="5">NNU</subfield>
	</datafield>
	<datafield ind1=" " ind2="0" tag="651">
		<subfield code="6">880-05</subfield>
		<subfield code="a">Yemen (Republic)</subfield>
		<subfield code="x">Hisoty</subfield>
		<subfield code="y">13th Century.</subfield>
	</datafield>
	<datafield ind1=" " ind2="0" tag="651">
		<subfield code="6">880-06</subfield>
		<subfield code="a">Yemen (Republic)</subfield>
		<subfield code="v">Biography.</subfield>
	</datafield>
	<datafield ind1="2" ind2=" " tag="710">
		<subfield code="a">Abu Dhabi (United Arab Emirates).</subfield>
		<subfield code="b">National Archives.</subfield>
	</datafield>
	<datafield ind1="0" ind2=" " tag="730">
		<subfield code="a">Arabic Collections Online.</subfield>
	</datafield>
	<datafield ind1="0" ind2=" " tag="775">
		<subfield code="6">880-07</subfield>
		<subfield code="a">al-Sanʻānī, Muḥammad ibn Yaḥyá ibn ʻAbd Allah al-Ḥusaynī al-Yamanī</subfield>
		<subfield code="d">Bayrūt : Dār al-ʻAwdah, [198? M.}</subfield>
		<subfield code="t">Nayl al-waṭar :</subfield>
	</datafield>
	<datafield ind1="0" ind2="8" tag="776">
		<subfield code="i">Print version:</subfield>
		<subfield code="a">Zabārah, Muḥammad ibn Muḥammad, 1883-1961, author.</subfield>
		<subfield code="t">Nayl al-waṭar min tarājim rijāl al-Yaman fī al-qarn al-thālith ʻashar</subfield>
		<subfield code="w">(aeadna)5736</subfield>
	</datafield>
	<datafield ind1="4" ind2="0" tag="856">
		<subfield code="u">http://hdl.handle.net/2333.1/pvmcvr5v</subfield>
	</datafield>
	<datafield ind1="1" ind2=" " tag="880">
		<subfield code="6">100-01</subfield>
		<subfield code="a">زبارة، محمد بن محمد،</subfield>
		<subfield code="d">1883-1961,</subfield>
		<subfield code="e">author.</subfield>
	</datafield>
	<datafield ind1="1" ind2="0" tag="880">
		<subfield code="6">245-02</subfield>
		<subfield code="a">نيل الوطر :</subfield>
		<subfield code="b">من تراجم رجال اليمن في القرن الثالث عشر /</subfield>
		<subfield code="c">محمد بن محمد بن يحيى زبارة الحسيني اليمني الصنعاني.</subfield>
	</datafield>
	<datafield ind1=" " ind2=" " tag="880">
		<subfield code="6">260-03</subfield>
		<subfield code="a">القاهرة :</subfield>
		<subfield code="b">المطبعة السلفية ومكتبتها ،</subfield>
		<subfield code="c">1350-1348هـ.[1928-1930م]</subfield>
	</datafield>
	<datafield ind1=" " ind2=" " tag="880">
		<subfield code="6">300-04</subfield>
		<subfield code="a">2 ج. (435 ص. ، 425 ص.) ؛</subfield>
		<subfield code="c">24 سم.</subfield>
	</datafield>
	<datafield ind1=" " ind2="4" tag="880">
		<subfield code="6">651-05</subfield>
		<subfield code="a">اليمن</subfield>
		<subfield code="x">تاريخ</subfield>
		<subfield code="y">القرن 13.</subfield>
	</datafield>
	<datafield ind1=" " ind2="4" tag="880">
		<subfield code="6">651-06</subfield>
		<subfield code="a">اليمن</subfield>
		<subfield code="v">تراجم.</subfield>
	</datafield>
	<datafield ind1="0" ind2=" " tag="880">
		<subfield code="6">775-07</subfield>
		<subfield code="a">الصنعاني، محمد بن محمد بن يحيى زبارة الحسيني اليمني</subfield>
		<subfield code="d">بيروت : دار العودة ، [؟198م.]</subfield>
		<subfield code="f">0</subfield>
		<subfield code="t">نيل الوطر :</subfield>
	</datafield>
	<datafield ind1=" " ind2=" " tag="880">
		<subfield code="6">949-00</subfield>
		<subfield code="a">920.567 ص ل ل  1 (m3928</subfield>
		<subfield code="v">2</subfield>
		<subfield code="w">DDC</subfield>
		<subfield code="i">30018000012502</subfield>
		<subfield code="u">06/21/2003</subfield>
		<subfield code="d">08/29/2010</subfield>
		<subfield code="n">0</subfield>
		<subfield code="t">Book</subfield>
		<subfield code="l">av</subfield>
		<subfield code="m">MAIN</subfield>
		<subfield code="x">ABK</subfield>
	</datafield>
	<datafield ind1=" " ind2=" " tag="880">
		<subfield code="6">949-00</subfield>
		<subfield code="a">920.567 ص ل ل  1 (m3928</subfield>
		<subfield code="v">1</subfield>
		<subfield code="w">DDC</subfield>
		<subfield code="i">30018000041552</subfield>
		<subfield code="u">08/29/2010</subfield>
		<subfield code="d">08/29/2010</subfield>
		<subfield code="n">0</subfield>
		<subfield code="t">Book</subfield>
		<subfield code="l">av</subfield>
		<subfield code="m">MAIN</subfield>
		<subfield code="x">ABK</subfield>
	</datafield>
	<datafield ind1=" " ind2=" " tag="880">
		<subfield code="6">949-00</subfield>
		<subfield code="a">920.567 ص ل ل  1 (m3928</subfield>
		<subfield code="v">1</subfield>
		<subfield code="w">DDC</subfield>
		<subfield code="i">30018000012501</subfield>
		<subfield code="u">06/12/2003</subfield>
		<subfield code="d">08/29/2010</subfield>
		<subfield code="n">0</subfield>
		<subfield code="t">Book</subfield>
		<subfield code="l">av</subfield>
		<subfield code="m">MAIN</subfield>
		<subfield code="x">RAR</subfield>
	</datafield>
	<datafield ind1=" " ind2=" " tag="880">
		<subfield code="6">949-00</subfield>
		<subfield code="a">920.567 ص ل ل  1 (m3928</subfield>
		<subfield code="v">2</subfield>
		<subfield code="w">DDC</subfield>
		<subfield code="i">30018000000278</subfield>
		<subfield code="u">06/12/2003</subfield>
		<subfield code="d">08/29/2010</subfield>
		<subfield code="n">0</subfield>
		<subfield code="t">Book</subfield>
		<subfield code="l">av</subfield>
		<subfield code="m">MAIN</subfield>
		<subfield code="x">RAR</subfield>
	</datafield>
	<datafield ind1=" " ind2=" " tag="880">
		<subfield code="6">949-00</subfield>
		<subfield code="a">920.567 ص ل ل  1 (m3928</subfield>
		<subfield code="v">1</subfield>
		<subfield code="w">DDC</subfield>
		<subfield code="i">30018000000550</subfield>
		<subfield code="u">06/22/2003</subfield>
		<subfield code="d">08/29/2010</subfield>
		<subfield code="n">0</subfield>
		<subfield code="t">Book</subfield>
		<subfield code="l">av</subfield>
		<subfield code="m">MAIN</subfield>
		<subfield code="x">RAR</subfield>
	</datafield>
	<datafield ind1=" " ind2=" " tag="959">
		<subfield code="a">NNU</subfield>
		<subfield code="b">WEB</subfield>
		<subfield code="c">GENI</subfield>
		<subfield code="t">0</subfield>
		<subfield code="m">Electronic access</subfield>
		<subfield code="s">01</subfield>
	</datafield>
	<datafield ind1=" " ind2=" " tag="999">
		<subfield code="i">aeadna_5736</subfield>
		<subfield code="s">uaena_aco000037:1</subfield>
		<subfield code="s">uaena_aco000038:2</subfield>
		<subfield code="s">uaena_aco000035:1-2</subfield>
		<subfield code="e">(ERROR-880)(ERROR-MISC)</subfield>
		<subfield code="s">uaena_aco000037:1</subfield>
		<subfield code="s">uaena_aco000038:2</subfield>
		<subfield code="s">uaena_aco000035:1-2</subfield>
	</datafield>
</record>
